<record><leader>00000cas a2200000 a 4500</leader><controlfield tag="001">35810765</controlfield><controlfield tag="008">961029d188218uumiuwr ne      0    0eng c</controlfield><datafield ind1=" " ind2=" " tag="010"><subfield code="a">sn 96077219 </subfield></datafield><datafield ind1=" " ind2=" " tag="040"><subfield code="a">MHN</subfield><subfield code="b">eng</subfield><subfield code="c">MHN</subfield><subfield code="d">OCL</subfield><subfield code="d">OCLCQ</subfield><subfield code="d">OCLCO</subfield></datafield><datafield ind1="1" ind2=" " tag="029"><subfield code="a">AU@</subfield><subfield code="b">000012911129</subfield></datafield><datafield ind1=" " ind2=" " tag="042"><subfield code="a">pcc</subfield></datafield><datafield ind1=" " ind2=" " tag="043"><subfield code="a">n-us-mi</subfield></datafield><datafield ind1="0" ind2="4" tag="245"><subfield code="a">The Manistee Democrat.</subfield></datafield><datafield ind1=" " ind2=" " tag="260"><subfield code="a">Manistee, Mich. :</subfield><subfield code="b">Stacy C. Thompson</subfield></datafield><datafield ind1=" " ind2=" " tag="300"><subfield code="a">v.</subfield></datafield><datafield ind1=" " ind2=" " tag="310"><subfield code="a">Weekly</subfield></datafield><datafield ind1="1" ind2=" " tag="362"><subfield code="a">Began June 1882?</subfield></datafield><datafield ind1="0" ind2=" " tag="362"><subfield code="a">-v. 16, no. 39 (Oct. 2, 1890) ; 16th yr., no. 40 (Oct. 9, 1890)-</subfield></datafield><datafield ind1=" " ind2=" " tag="588"><subfield code="a">Description based on: Vol. 9, no. 1 (Dec. 16, 1882).</subfield></datafield><datafield ind1=" " ind2="0" tag="651"><subfield code="a">Manistee (Mich.)</subfield><subfield code="v">Newspapers.</subfield></datafield><datafield ind1=" " ind2="0" tag="651"><subfield code="a">Mansitee County (Mich.)</subfield><subfield code="v">Newspapers.</subfield></datafield><datafield ind1=" " ind2=" " tag="752"><subfield code="a">United States</subfield><subfield code="b">Michigan</subfield><subfield code="c">Manistee</subfield><subfield code="d">Manistee.</subfield></datafield><datafield ind1="0" ind2="0" tag="780"><subfield code="t">Manistee advocate (Manistee, Mich. : 1874)</subfield><subfield code="w">(DLC)sn 85026503</subfield><subfield code="w">(OCoLC)12259898</subfield></datafield><datafield ind1="0" ind2="5" tag="780"><subfield code="t">Voice of the people (Manistee, Mich.)</subfield><subfield code="w">(DLC)sn 96077220</subfield><subfield code="w">(OCoLC)35810803</subfield></datafield></record>